@misc{portner_huntington-klein_2022,
 title={Many Economists},
 url={osf.io/cj9yx},
 DOI={10.17605/OSF.IO/CJ9YX},
 publisher={OSF},
 author={Portner, Claus C and Huntington-Klein, Nick},
 year={2022},
 month={Oct}
}

@article{huntington2021influence,
  title={The Influence of Hidden Researcher Decisions in Applied Microeconomics},
  author={Huntington-Klein, Nick and Arenas, Andreu and Beam, Emily and Bertoni, Marco and Bloem, Jeffrey R and Burli, Pralhad and Chen, Naibin and Grieco, Paul and Ekpe, Godwin and Pugatch, Todd and others},
  journal={Economic Inquiry},
  volume={59},
  number={3},
  pages={944--960},
  year={2021},
  publisher={Wiley Online Library}
}

@misc{ruggles2024ipums,
  title={IPUMS USA: Version 15.0 [dataset]. Minneapolis, MN: IPUMS},
  author={Ruggles, Steven and Flood, Sarah and Sobek, Matthew and Backman, Daniel and Chen, Annie and Cooper, Grace and Richards, Stephanie and Rodgers, Renae and Schouweiler, Megan},
  year={2024}
}

@misc{aeaguidelines,
	title={Data and Code Availability Policy},
	url={https://www.aeaweb.org/journals/data/data-code-policy},
	publisher={AEA},
	author={{American Economic Association}},
	year={2024},
	note={Accessed on July 10, 2024.}
}

@book{osborne2012best,
  title={Best Practices in Data Cleaning: A Complete Guide to Everything You Need to Do Before and After Collecting your Data},
  author={Osborne, Jason W},
  year={2012},
  publisher={Sage Publications}
}

@article{amuedo2016can,
  title={Can Authorization Reduce Poverty among Undocumented Immigrants? Evidence from the Deferred Action for Childhood Arrivals Program},
  author={Amuedo-Dorantes, Catalina and Antman, Francisca},
  journal={Economics Letters},
  volume={147},
  pages={1--4},
  year={2016},
  publisher={Elsevier}
}

@misc{urbaninstdata,
	title={State Immigration Policy Resource},
	year={2022},
	url={https://www.urban.org/data-tools/state-immigration-policy-resource},
	author={{Urban Institute}}
}

@misc{citservices2016,
	title={Number of I-821D,Consideration of Deferred Action for Childhood Arrivals by Fiscal Year, Quarter, Intake, Biometrics and Case Status: 2012-2016 (June 30)},
	author={{U.S. Citizenship and Immigration Services}},
	year={2016}
}

@article{yu2023uncertainty,
  title={What is uncertainty in today’s practice of data science?},
  author={Yu, Bin},
  journal={Journal of Econometrics},
  volume={237},
  number={1},
  year={2023},
  publisher={Elsevier}
}


@inproceedings{ortloff2023different,
  title={Different researchers, different results? analyzing the influence of researcher experience and data type during qualitative analysis of an interview and survey study on security advice},
  author={Ortloff, Anna-Marie and Fassl, Matthias and Ponticello, Alexander and Martius, Florin and Mertens, Anne and Krombholz, Katharina and Smith, Matthew},
  booktitle={Proceedings of the 2023 CHI Conference on Human Factors in Computing Systems},
  pages={1--21},
  year={2023}
}

@article{jelveh2024political,
  title={Political Language in Economics},
  author={Jelveh, Zubin and Kogut, Bruce and Naidu, Suresh},
  journal={The Economic Journal},
  pages={ueae026},
  year={2024},
  publisher={Oxford University Press}
}

@article{broderick2020automatic,
  title={An Automatic Finite-sample Robustness Metric: When can Dropping a Little Data Make a Big Difference?},
  author={Broderick, Tamara and Giordano, Ryan and Meager, Rachael},
  journal={arXiv preprint arXiv:2011.14999},
  year={2020}
}

@article{silberzahn2018many,
  title={Many Analysts, One Data Set: Making Transparent how Variations in Analytic Choices Affect Results},
  author={Silberzahn, Raphael and Uhlmann, Eric L and Martin, Daniel P and Anselmi, Pasquale and Aust, Frederik and Awtrey, Eli and Bahn{\'\i}k, {\v{S}}t{\v{e}}p{\'a}n and Bai, Feng and Bannard, Colin and Bonnier, Evelina and others},
  journal={Advances in Methods and Practices in Psychological Science},
  volume={1},
  number={3},
  pages={337--356},
  year={2018},
  publisher={Sage Publications Sage CA: Los Angeles, CA}
}

@article{ankel2023economists,
  title={Do Economists Replicate?},
  author={Ankel-Peters, J{\"o}rg and Fiala, Nathan and Neubauer, Florian},
  journal={Journal of Economic Behavior \& Organization},
  volume={212},
  pages={219--232},
  year={2023},
  publisher={Elsevier}
}

@article{auspurg2023social,
  title={Is Social Research Really Not Better than Alchemy? How Many-analysts Studies Produce "A Hidden Universe of Uncertainty" by Not Following Meta-analytical Standards},
  year={2023},
  author={Auspurg, Katrin and Br{\"u}derl, Josef},
  publisher={MetaArXiv}
}

@article{auspurg2021has,
  title={Has the Credibility of the Social Sciences Been Credibly Destroyed? Reanalyzing the "Many Analysts, One Data Set" Project},
  author={Auspurg, Katrin and Br{\"u}derl, Josef},
  journal={Socius},
  volume={7},
  pages={23780231211024421},
  year={2021},
  publisher={Sage Publications Sage CA: Los Angeles, CA}
}

@article{breznau2021observing,
  title={Observing Many Researchers Using the Same Data and Hypothesis Reveals a Hidden Universe of Data Analysis},
  author={Breznau, Nate and Rinke, Eike Mark and Wuttke, Alexander and Adem, Muna and Adriaans, Jule and Alvarez-Benjumea, Amalia and Andersen, Henrik Kenneth and Auer, Daniel and Azevedo, Flavio and Bahnsen, Oke and others},
  journal={MetaArXiv Preprints},
  year={2021}
}

@article{barcus2020analytic,
  title={How Analytic Choices can Affect the Extraction of Electromagnetic Form Factors from Elastic Electron Scattering Cross Section Data},
  author={Barcus, Scott K and Higinbotham, Douglas W and McClellan, Randall E},
  journal={Physical Review C},
  volume={102},
  number={1},
  pages={015205},
  year={2020},
  publisher={APS}
}

@article{schweinsberg2021same,
  title={Same Data, Different Conclusions: Radical Dispersion in Empirical Results when Independent Analysts Operationalize and Test the Same Hypothesis},
  author={Schweinsberg, Martin and Feldman, Michael and Staub, Nicola and van den Akker, Olmo R and van Aert, Robbie CM and Van Assen, Marcel ALM and Liu, Yang and Althoff, Tim and Heer, Jeffrey and Kale, Alex and others},
  journal={Organizational Behavior and Human Decision Processes},
  volume={165},
  pages={228--249},
  year={2021},
  publisher={Elsevier}
}

@article{gould2023same,
  title={Same Data, Different Analysts: Variation in Effect Sizes Due to Analytical Decisions in Ecology and Evolutionary Biology},
  author={Gould, Elliot and Fraser, Hannah S and Parker, Timothy H and Nakagawa, Shinichi and Griffith, Simon C and Vesk, Peter A and Fidler, Fiona and Hamilton, Daniel G and Abbey-Lee, Robin N and Abbott, Jessica K and others},
  year={2023},
  publisher={EcoEvoRxiv}
}

@article{bastiaansen2020time,
  title={Time to get Personal? The Impact of Researchers Choices on the Selection of Treatment Targets Using the Experience Sampling Msethodology},
  author={Bastiaansen, Jojanneke A and Kunkels, Yoram K and Blaauw, Frank J and Boker, Steven M and Ceulemans, Eva and Chen, Meng and Chow, Sy-Miin and de Jonge, Peter and Emerencia, Ando C and Epskamp, Sacha and others},
  journal={Journal of psychosomatic research},
  volume={137},
  pages={110211},
  year={2020},
  publisher={Elsevier}
}

@article{boehm2018estimating,
  title={Estimating Across-trial Variability Parameters of the Diffusion Decision Model: Expert Advice and Recommendations},
  author={Boehm, Udo and Annis, Jeffrey and Frank, Michael J and Hawkins, Guy E and Heathcote, Andrew and Kellen, David and Krypotos, Angelos-Miltiadis and Lerche, Veronika and Logan, Gordon D and Palmeri, Thomas J and others},
  journal={Journal of Mathematical Psychology},
  volume={87},
  pages={46--75},
  year={2018},
  publisher={Elsevier}
}

@article{herbert2021reproducibility,
  title={The Reproducibility of Economics Research: A Case Study},
  author={Herbert, Sylv{\'e}rie and Kingi, Hautahi and Stanchi, Flavio and Vilhuber, Lars},
  year={2021},
  publisher={Banque de France Working Paper, Forthcoming}
}

@article{abadie2023should,
  title={When Should You Adjust Standard Errors for Clustering?},
  author={Abadie, Alberto and Athey, Susan and Imbens, Guido W and Wooldridge, Jeffrey M},
  journal={The Quarterly Journal of Economics},
  volume={138},
  number={1},
  pages={1--35},
  year={2023},
  publisher={Oxford University Press}
}

@book{jafari2022hands,
  title={Hands-On Data Preprocessing in Python: Learn how to effectively prepare data for successful data analytics},
  author={Jafari, Roy},
  year={2022},
  publisher={Packt Publishing Ltd}
}

@article{simmons2011false,
  title={False-positive Psychology: Undisclosed Flexibility in Data Collection and Analysis Allows Presenting Anything as Significant},
  author={Simmons, Joseph P and Nelson, Leif D and Simonsohn, Uri},
  journal={Psychological science},
  volume={22},
  number={11},
  pages={1359--1366},
  year={2011},
  publisher={Sage Publications Sage CA: Los Angeles, CA}
}

@article{camerer2016evaluating,
  title={Evaluating Replicability of Laboratory Experiments in Economics},
  author={Camerer, Colin F and Dreber, Anna and Forsell, Eskil and Ho, Teck-Hua and Huber, J{\"u}rgen and Johannesson, Magnus and Kirchler, Michael and Almenberg, Johan and Altmejd, Adam and Chan, Taizan and others},
  journal={Science},
  volume={351},
  number={6280},
  pages={1433--1436},
  year={2016},
  publisher={American Association for the Advancement of Science}
}

@article{open2015estimating,
  title={Estimating the Reproducibility of Psychological Science},
  author={{Open Science Collaboration}},
  journal={Science},
  volume={349},
  number={6251},
  pages={aac4716},
  year={2015},
  publisher={American Association for the Advancement of Science}
}

@article{leamer1983let,
  title={Let's Take the Con out of Econometrics},
  author={Leamer, Edward E},
  journal={The American Economic Review},
  volume={73},
  number={1},
  pages={31--43},
  year={1983},
  publisher={JSTOR}
}

@article{stansbury2023economics,
  title={The Economics Profession’s Socioeconomic Diversity Problem},
  author={Stansbury, Anna and Schultz, Robert},
  journal={Journal of Economic Perspectives},
  volume={37},
  number={4},
  pages={207--230},
  year={2023},
  publisher={American Economic Association 2014 Broadway, Suite 305, Nashville, TN 37203-2418}
}

@article{card2022gender,
  title={Gender differences in Peer Recognition by Economists},
  author={Card, David and DellaVigna, Stefano and Funk, Patricia and Iriberri, Nagore},
  journal={Econometrica},
  volume={90},
  number={5},
  pages={1937--1971},
  year={2022},
  publisher={Wiley Online Library}
}

@article{lundberg2019women,
  title={Women in Economics: Stalled Progress},
  author={Lundberg, Shelly and Stearns, Jenna},
  journal={Journal of Economic Perspectives},
  volume={33},
  number={1},
  pages={3--22},
  year={2019},
  publisher={American Economic Association 2014 Broadway, Suite 305, Nashville, TN 37203-2418}
}

@article{callaway2021difference,
  title={Difference-in-differences with Multiple Time Periods},
  author={Callaway, Brantly and Sant’Anna, Pedro HC},
  journal={Journal of econometrics},
  volume={225},
  number={2},
  pages={200--230},
  year={2021},
  publisher={Elsevier}
}

@article{auspurg2023social,
  title={Is social research really not better than alchemy? How many-analysts studies produce “a hidden universe of uncertainty” by not following meta-analytical standards},
  year={2023},
  author={Auspurg, Katrin and Br{\"u}derl, Josef},
  publisher={MetaArXiv}
}

@article{stansbury2023economics,
  title={The Economics Profession’s Socioeconomic Diversity Problem},
  author={Stansbury, Anna and Schultz, Robert},
  journal={Journal of Economic Perspectives},
  volume={37},
  number={4},
  pages={207--230},
  year={2023},
  publisher={American Economic Association 2014 Broadway, Suite 305, Nashville, TN 37203-2418}
}

@article{card2022gender,
  title={Gender differences in peer recognition by economists},
  author={Card, David and DellaVigna, Stefano and Funk, Patricia and Iriberri, Nagore},
  journal={Econometrica},
  volume={90},
  number={5},
  pages={1937--1971},
  year={2022},
  publisher={Wiley Online Library}
}

@article{lundberg2019women,
  title={Women in Economics: Stalled Progress},
  author={Lundberg, Shelly and Stearns, Jenna},
  journal={Journal of Economic Perspectives},
  volume={33},
  number={1},
  pages={3--22},
  year={2019},
  publisher={American Economic Association 2014 Broadway, Suite 305, Nashville, TN 37203-2418}
}


@article{bryan2019replicator,
  title={Replicator Degrees of Freedom Allow Publication of Misleading Failures to Replicate},
  author={Bryan, Christopher J and Yeager, David S and O’Brien, Joseph M},
  journal={Proceedings of the National Academy of Sciences},
  volume={116},
  number={51},
  pages={25535--25545},
  year={2019},
  publisher={National Acad Sciences}
}


@article{ankel2023economics,
  title={Is Economics Self-correcting? Replications in the American Economic Review},
  author={Ankel-Peters, J{\"o}rg and Fiala, Nathan and Neubauer, Florian},
  journal={Economic Inquiry},
  publisher={Wiley Online Library}
}


@article{klau2023comparing,
  title={Comparing the Vibration of Effects due to Model, Data Pre-processing and Sampling Uncertainty on a Large Data Set in Personality Psychology},
  author={Klau, Simon and Patel, Chirag J and Ioannidis, John PA and Boulesteix, Anne-Laure and Hoffmann, Sabine and others},
  journal={Meta-Psychology},
  volume={7},
  year={2023}
}

@inproceedings{chen2024subjectivity,
  title={Subjectivity in Unsupervised Machine Learning Model Selection},
  author={Chen, Wanyi and Cummings, Mary},
  booktitle={Proceedings of the AAAI Symposium Series},
  volume={3},
  number={1},
  pages={22--29},
  year={2024}
}


@article{brodeur2024mass,
  title={Mass Reproducibility and Replicability: A New Hope},
  author={Brodeur, Abel and Mikola, Derek and Cook, Nikolai},
  year={2024},
  publisher={IZA Discussion Paper}
}


@article{ostropolets2023reproducible,
  title={Reproducible variability: assessing investigator discordance across 9 research teams attempting to reproduce the same observational study},
  author={Ostropolets, Anna and Albogami, Yasser and Conover, Mitchell and Banda, Juan M and Baumgartner Jr, William A and Blacketer, Clair and Desai, Priyamvada and DuVall, Scott L and Fortin, Stephen and Gilbert, James P and others},
  journal={Journal of the American Medical Informatics Association},
  volume={30},
  number={5},
  pages={859--868},
  year={2023},
  publisher={Oxford University Press}
}


@article{bartovs2024introducing,
  title={Introducing Synchronous Robustness Reports: Guidelines for Journals},
  author={Barto{\v{s}}, Franti{\v{s}}ek and Sarafoglou, Alexandra and Aczel, Balazs and Hoogeveen, Suzanne and Chambers, Chris and Wagenmakers, Eric-Jan}
}


@article{sarafoglou2024subjective,
  title={Subjective Evidence Evaluation Survey For Multi-Analyst Studies},
  author={Sarafoglou, Alexandra and Hoogeveen, Suzanne and Van Den Bergh, Don and Acz{\'e}l, Bal{\'a}zs and Albers, Casper J and Althoff, Tim and Botvinik-Nezer, Rotem and Busch, Niko A and Cataldo, Andrea M and Devezer, Berna and others},
  year={2024},
  publisher={PsyArXiv Preprints}
}


@article{menkveld2021non,
  title={Non-standard Errors},
  author={Menkveld, Albert J and Dreber, Anna and Holzmeister, Felix and Huber, Juergen and Johannesson, Magnus and Kirchler, Michael and Neus{\"u}ss, Sebastian and Razen, Michael and Weitzel, Utz},
  year={2021}
}


@techreport{perignon2022reproducibility,
  year={2022},
  title={Reproducibility of empirical results: Evidence from 1,000 tests in finance},
  author={P{\'e}rignon, Christophe and Akmansoy, Olivier and Hurlin, Christophe and Dreber, Anna and Holzmeister, Felix and Huber, Juergen and Kirchler, Michael and Razen, Michael and others}
}


@article{sulik2023scientists,
  title={Why Do Scientists Disagree?},
  year = {2023},
  author={Sulik, Justin and Rim, Nakwon and Pontikes, Elizabeth and Evans, James and Lupyan, Gary},
  publisher={PsyArXiv}
}

@article{steegen2016increasing,
  title={Increasing Transparency Through a Multiverse Analysis},
  author={Steegen, Sara and Tuerlinckx, Francis and Gelman, Andrew and Vanpaemel, Wolf},
  journal={Perspectives on Psychological Science},
  volume={11},
  number={5},
  pages={702--712},
  year={2016},
  publisher={Sage Publications Sage CA: Los Angeles, CA}
}


@article{yu2023uncertainty,
  title={What is uncertainty in today’s practice of data science?},
  author={Yu, Bin},
  journal={Journal of Econometrics},
  volume={237},
  number={1},
  year={2023},
  publisher={Elsevier}
}


@inproceedings{ortloff2023different,
  title={Different researchers, different results? analyzing the influence of researcher experience and data type during qualitative analysis of an interview and survey study on security advice},
  author={Ortloff, Anna-Marie and Fassl, Matthias and Ponticello, Alexander and Martius, Florin and Mertens, Anne and Krombholz, Katharina and Smith, Matthew},
  booktitle={Proceedings of the 2023 CHI Conference on Human Factors in Computing Systems},
  pages={1--21},
  year={2023}
}




@article{bryan2019replicator,
  title={Replicator degrees of freedom allow publication of misleading failures to replicate},
  author={Bryan, Christopher J and Yeager, David S and O’Brien, Joseph M},
  journal={Proceedings of the National Academy of Sciences},
  volume={116},
  number={51},
  pages={25535--25545},
  year={2019},
  publisher={National Acad Sciences}
}


@article{klau2023comparing,
  title={Comparing the vibration of effects due to model, data pre-processing and sampling uncertainty on a large data set in personality psychology},
  author={Klau, Simon and Patel, Chirag J and Ioannidis, John PA and Boulesteix, Anne-Laure and Hoffmann, Sabine and others},
  journal={Meta-Psychology},
  volume={7},
  year={2023}
}


@techreport{holzmeister2023heterogeneity,
  title={Heterogeneity in effect size estimates: Empirical evidence and practical implications},
  author={Holzmeister, Felix and Johannesson, Magnus and B{\"o}hm, Robert and Dreber, Anna and Huber, J{\"u}rgen and Kirchler, Michael},
  year={2023},
  institution={Working Papers in Economics and Statistics}
}


@article{brodeur2024mass,
  title={Mass Reproducibility and Replicability: A New Hope},
  author={Brodeur, Abel and Mikola, Derek and Cook, Nikolai},
  year={2024},
  publisher={IZA Discussion Paper}
}

@article{botvinik2020variability,
  title={Variability in the Analysis of a Single Neuroimaging Dataset by Many Teams},
  author={Botvinik-Nezer, Rotem and Holzmeister, Felix and Camerer, Colin F and Dreber, Anna and Huber, Juergen and Johannesson, Magnus and Kirchler, Michael and Iwanir, Roni and Mumford, Jeanette A and Adcock, R Alison and others},
  journal={Nature},
  volume={582},
  number={7810},
  pages={84--88},
  year={2020},
  publisher={Nature Publishing Group UK London}
}

@article{hoogeveen2023many,
  title={A Many-analysts Approach to the Relation between Religiosity and Well-being},
  author={Hoogeveen, Suzanne and Sarafoglou, Alexandra and Aczel, Balazs and Aditya, Yonathan and Alayan, Alexandra J and Allen, Peter J and Altay, Sacha and Alzahawi, Shilaan and Amir, Yulmaida and Anthony, Francis-Vincent and others},
  journal={Religion, Brain \& Behavior},
  volume={13},
  number={3},
  pages={237--283},
  year={2023},
  publisher={Taylor \& Francis}
}

@techreport{galiani2017incentives,
  title={Incentives for Replication in Economics},
  author={Galiani, Sebastian and Gertler, Paul and Romero, Mauricio},
  year={2017},
  institution={National Bureau of Economic Research}
}

@Manual{R-data-table,
  title = {data.table: Extension of {data.frame}},
  author = {Tyson Barrett and Matt Dowle and Arun Srinivasan and Jan Gorecki and Michael Chirico and Toby Hocking},
  year = {2024},
  note = {R package version 1.15.4},
  url = {https://r-datatable.com},
}

@Manual{R-fixest,
  title = {fixest: Fast Fixed-Effects Estimations},
  author = {Laurent Berge},
  year = {2024},
  note = {R package version 0.12.0, 
https://github.com/lrberge/fixest},
  url = {https://lrberge.github.io/fixest/},
}

@Manual{R-modelsummary,
  title = {modelsummary: Summary Tables and Plots for Statistical Models and Data:
Beautiful, Customizable, and Publication-Ready},
  author = {Vincent Arel-Bundock},
  year = {2024},
  note = {R package version 2.1.0.1},
  url = {https://modelsummary.com},
}

@Manual{R-rio,
  title = {rio: A Swiss-Army Knife for Data I/O},
  author = {Jason Becker and Chung-hong Chan and David Schoch and Thomas J. Leeper},
  year = {2023},
  note = {R package version 1.0.1},
  url = {https://github.com/gesistsa/rio},
}

@Manual{R-tidyverse,
  title = {tidyverse: Easily Install and Load the Tidyverse},
  author = {Hadley Wickham},
  year = {2023},
  note = {R package version 2.0.0, 
https://github.com/tidyverse/tidyverse},
  url = {https://tidyverse.tidyverse.org},
}

@Manual{R-vtable,
  title = {vtable: Variable Table for Variable Documentation},
  author = {Nick Huntington-Klein},
  note = {R package version 1.4.6},
  url = {https://nickch-k.github.io/vtable/},
  year = {2021},
}

@Article{fixest2018,
  title = {Efficient estimation of maximum likelihood models with multiple fixed-effects: the {R} package {FENmlm}},
  author = {Laurent Berg\'e},
  year = {2018},
  journal = {CREA Discussion Papers},
  number = {13},
}

@Article{modelsummary2022,
  title = {{modelsummary}: Data and Model Summaries in {R}},
  author = {Vincent Arel-Bundock},
  journal = {Journal of Statistical Software},
  year = {2022},
  volume = {103},
  number = {1},
  pages = {1--23},
  doi = {10.18637/jss.v103.i01},
}

@Manual{rio2023,
  title = {rio: A Swiss-army knife for data file I/O},
  author = {Chung-hong Chan and Thomas J. Leeper and Jason Becker and David Schoch},
  url = {https://cran.r-project.org/package=rio},
  year = {2023},
}

@Article{tidyverse2019,
  title = {Welcome to the {tidyverse}},
  author = {Hadley Wickham and Mara Averick and Jennifer Bryan and Winston Chang and Lucy D'Agostino McGowan and Romain François and Garrett Grolemund and Alex Hayes and Lionel Henry and Jim Hester and Max Kuhn and Thomas Lin Pedersen and Evan Miller and Stephan Milton Bache and Kirill Müller and Jeroen Ooms and David Robinson and Dana Paige Seidel and Vitalie Spinu and Kohske Takahashi and Davis Vaughan and Claus Wilke and Kara Woo and Hiroaki Yutani},
  year = {2019},
  journal = {Journal of Open Source Software},
  volume = {4},
  number = {43},
  pages = {1686},
  doi = {10.21105/joss.01686},
}

@Book{car2019,
  title = {An {R} Companion to Applied Regression},
  edition = {Third},
  author = {John Fox and Sanford Weisberg},
  year = {2019},
  publisher = {Sage},
  address = {Thousand Oaks {CA}},
  url = {https://socialsciences.mcmaster.ca/jfox/Books/Companion/},
}